@article{Jeste2015,
  title={Electrophysiological evidence of heterogeneity in visual statistical learning in young children with ASD},
  author={Jeste, Shafali S and Kirkham, Natasha and Senturk, Damla and Hasenstab, Kyle and Sugar, Catherine and Kupelian, Chloe and Baker, Elizabeth and Sanders, Andrew J and Shimizu, Christina and Norona, Amanda and others},
  journal={Developmental science},
  volume={18},
  number={1},
  pages={90--105},
  year={2015},
  publisher={Wiley Online Library}
}
@article{Guo2002,
	title={Functional mixed effects models},
	author={Guo, Wensheng},
	journal={Biometrics},
	volume={58},
	number={1},
	pages={121--128},
	year={2002},
	publisher={Wiley Online Library}
}

@article{Dickinson2017,
	title={Peak alpha frequency is a neural marker of cognitive function across the autism spectrum},
	author={Dickinson, Abigail and DiStefano, Charlotte and Senturk, Damla and Jeste, Shafali Spurling},
	journal={European Journal of Neuroscience},
	volume={47},
	number={6},
	pages={643--651},
	year={2018},
	publisher={Wiley Online Library}
}

@article{Morris2006,
	title={Wavelet-based functional mixed models},
	author={Morris, Jeffrey S and Carroll, Raymond J},
	journal={Journal of the Royal Statistical Society: Series B (Statistical Methodology)},
	volume={68},
	number={2},
	pages={179--199},
	year={2006},
	publisher={Wiley Online Library}
}

@article{Montagna2012,
	title={Bayesian latent factor regression for functional and longitudinal data},
	author={Montagna, Silvia and Tokdar, Surya T and Neelon, Brian and Dunson, David B},
	journal={Biometrics},
	volume={68},
	number={4},
	pages={1064--1073},
	year={2012},
	publisher={Wiley Online Library}
}

@article{Cardot2007,
	title={Conditional functional principal components analysis},
	author={Cardot, Herv{\'e}},
	journal={Scandinavian journal of statistics},
	volume={34},
	number={2},
	pages={317--335},
	year={2007},
	publisher={Wiley Online Library}
}

@article{Jiang2010,
	title={Covariate adjusted functional principal components analysis for longitudinal data},
	author={Jiang, Ci-Ren and Wang, Jane-Ling and others},
	journal={The Annals of Statistics},
	volume={38},
	number={2},
	pages={1194--1226},
	year={2010},
	publisher={Institute of Mathematical Statistics}
}

@article{Flury1984,
	title={Common principal components in k groups},
	author={Flury, Bernhard N},
	journal={Journal of the American Statistical Association},
	volume={79},
	number={388},
	pages={892--898},
	year={1984},
	publisher={Taylor \& Francis}
}

@article{Franks2019,
	title={Shared Subspace Models for Multi-Group Covariance Estimation.},
	author={Franks, Alexander M and Hoff, Peter},
	journal={Journal of Machine Learning Research},
	volume={20},
	number={171},
	pages={1--37},
	year={2019}
}

@article{Fox2015,
	title={Bayesian nonparametric covariance regression},
	author={Fox, Emily B and Dunson, David B},
	journal={The Journal of Machine Learning Research},
	volume={16},
	number={1},
	pages={2501--2542},
	year={2015},
	publisher={JMLR. org}
}

@article{Hoff2012,
	title={A covariance regression model},
	author={Hoff, Peter D and Niu, Xiaoyue},
	journal={Statistica Sinica},
	pages={729--753},
	year={2012},
	publisher={JSTOR}
}

@article{Li2014,
	title={A multivariate multilevel Gaussian model with a mixed effects structure in the mean and covariance part},
	author={Li, Baoyue and Bruyneel, Luk and Lesaffre, Emmanuel},
	journal={Statistics in medicine},
	volume={33},
	number={11},
	pages={1877--1899},
	year={2014},
	publisher={Wiley Online Library}
}

@article{Quintero2017,
	title={Multilevel covariance regression with correlated random effects in the mean and variance structure},
	author={Quintero, Adrian and Lesaffre, Emmanuel},
	journal={Biometrical Journal},
	volume={59},
	number={5},
	pages={1047--1066},
	year={2017},
	publisher={Wiley Online Library}
}

@article{Eilers1996,
	title={Flexible smoothing with B-splines and penalties},
	author={Eilers, Paul HC and Marx, Brian D},
	journal={Statistical science},
	pages={89--102},
	year={1996},
	publisher={JSTOR}
}

@article{Lang2004,
	title={Bayesian P-splines},
	author={Lang, Stefan and Brezger, Andreas},
	journal={Journal of computational and graphical statistics},
	volume={13},
	number={1},
	pages={183--212},
	year={2004},
	publisher={Taylor \& Francis}
}

@article{Crainiceanu2007,
	title={Spatially adaptive Bayesian penalized splines with heteroscedastic errors},
	author={Crainiceanu, Ciprian M and Ruppert, David and Carroll, Raymond J and Joshi, Adarsh and Goodner, Billy},
	journal={Journal of Computational and Graphical Statistics},
	volume={16},
	number={2},
	pages={265--288},
	year={2007},
	publisher={Taylor \& Francis}
}

@book{Fan1996,
	title={Local polynomial modelling and its applications: monographs on statistics and applied probability 66},
	author={Fan, Jianqing and Gijbels, Irene},
	volume={66},
	year={1996},
	publisher={CRC Press}
}

@book{Ferraty2006,
	title={Nonparametric functional data analysis: theory and practice},
	author={Ferraty, Fr{\'e}d{\'e}ric and Vieu, Philippe},
	year={2006},
	publisher={Springer Science \& Business Media}
}

@article{Yang2016,
	title={Smoothing and mean--covariance estimation of functional data with a Bayesian hierarchical model},
	author={Yang, Jingjing and Zhu, Hongxiao and Choi, Taeryon and Cox, Dennis D and others},
	journal={Bayesian Analysis},
	volume={11},
	number={3},
	pages={649--670},
	year={2016},
	publisher={International Society for Bayesian Analysis}
}

@article{Ramsay2005,
	title={Functional data analysis},
	author={Ramsay, James O},
	journal={Encyclopedia of Statistical Sciences},
	volume={4},
	year={2004},
	publisher={Wiley Online Library}
}

@article{Scheipl2015,
	title={Functional additive mixed models},
	author={Scheipl, Fabian and Staicu, Ana-Maria and Greven, Sonja},
	journal={Journal of Computational and Graphical Statistics},
	volume={24},
	number={2},
	pages={477--501},
	year={2015},
	publisher={Taylor \& Francis}
}

@article{Di2009,
	title={Multilevel functional principal component analysis},
	author={Di, Chong-Zhi and Crainiceanu, Ciprian M and Caffo, Brian S and Punjabi, Naresh M},
	journal={The annals of applied statistics},
	volume={3},
	number={1},
	pages={458},
	year={2009},
	publisher={NIH Public Access}
}

@book{Wood2017,
	title={Generalized additive models: an introduction with R},
	author={Wood, Simon N},
	year={2017},
	publisher={CRC press}
}

@article{Bhattacharya2011,
	title={Sparse Bayesian infinite factor models},
	author={Bhattacharya, Anirban and Dunson, David B},
	journal={Biometrika},
	pages={291--306},
	year={2011}
}

@article{Somsen1997,
	title={Growth spurts in brain maturation during middle childhood as indexed by EEG power spectra},
	author={Somsen, Riek JM and van't Klooster, Ben J and van der Molen, Maurits W and van Leeuwen, Harry MP and Licht, Rob},
	journal={Biological psychology},
	volume={44},
	number={3},
	pages={187--209},
	year={1997},
	publisher={Elsevier}
}

@article{Dustman1999,
	title={Life-span changes in EEG spectral amplitude, amplitude variability and mean frequency},
	author={Dustman, Robert E and Shearer, Donald E and Emmerson, Rita Y},
	journal={Clinical neurophysiology},
	volume={110},
	number={8},
	pages={1399--1409},
	year={1999},
	publisher={Elsevier}
}

@article{Stroganova1999,
	title={EEG alpha rhythm in infants},
	author={T. Stroganova and E. Orekhova and I. Posikera},
	journal={Clinical Neurophysiology},
	year={1999},
	volume={110},
	pages={997-1012}
}

@article{Chiang2011,
	title={Age trends and sex differences of alpha rhythms including split alpha peaks},
	author={Chiang, AKI and Rennie, CJ and Robinson, PA and Van Albada, SJ and Kerr, CC},
	journal={Clinical Neurophysiology},
	volume={122},
	number={8},
	pages={1505--1517},
	year={2011},
	publisher={Elsevier}
}

@article{Cragg2011,
	title={Maturation of EEG power spectra in early adolescence: a longitudinal study},
	author={Cragg, Lucy and Kovacevic, Natasa and McIntosh, Anthony Randal and Poulsen, Catherine and Martinu, Kristina and Leonard, Gabriel and Paus, Tom{\'a}{\v{s}}},
	journal={Developmental science},
	volume={14},
	number={5},
	pages={935--943},
	year={2011},
	publisher={Wiley Online Library}
}

@article{Miskovic2015,
	title={Developmental changes in spontaneous electrocortical activity and network organization from early to late childhood},
	author={Miskovic, Vladimir and Ma, Xinpei and Chou, Chun-An and Fan, Miaolin and Owens, Max and Sayama, Hiroki and Gibb, Brandon E},
	journal={Neuroimage},
	volume={118},
	pages={237--247},
	year={2015},
	publisher={Elsevier}
}

@article{Valdes2010,
	title={White matter architecture rather than cortical surface area correlates with the EEG alpha rhythm},
	author={Vald{\'e}s-Hern{\'a}ndez, Pedro A and Ojeda-Gonz{\'a}lez, Alejandro and Mart{\'\i}nez-Montes, Eduardo and Lage-Castellanos, Agust{\'\i}n and Viru{\'e}s-Alba, Trinidad and Vald{\'e}s-Urrutia, Lourdes and Valdes-Sosa, Pedro A},
	journal={Neuroimage},
	volume={49},
	number={3},
	pages={2328--2339},
	year={2010},
	publisher={Elsevier}
}

@article{Segalowitz2010,
	title={Electrophysiological changes during adolescence: a review},
	author={Segalowitz, Sidney J and Santesso, Diane L and Jetha, Michelle K},
	journal={Brain and cognition},
	volume={72},
	number={1},
	pages={86--100},
	year={2010},
	publisher={Elsevier}
}

@article{Rodriguez2017,
	title={Frequency shift in topography of spontaneous brain rhythms from childhood to adulthood},
	author={Rodr{\'\i}guez-Mart{\'\i}nez, EI and Ruiz-Mart{\'\i}nez, FJ and Paulino, CI Barriga and G{\'o}mez, Carlos M},
	journal={Cognitive neurodynamics},
	volume={11},
	number={1},
	pages={23--33},
	year={2017},
	publisher={Springer}
}

@article{Scheffler2019,
	title={Covariate-adjusted region-referenced generalized functional linear model for EEG data},
	author={Scheffler, Aaron W and Telesca, Donatello and Sugar, Catherine A and Jeste, Shafali and Dickinson, Abigail and DiStefano, Charlotte and {\c{S}}ent{\"u}rk, Damla},
	journal={Statistics in Medicine},
	volume={38},
	number={30},
	pages={5587--5602},
	year={2019},
	publisher={Wiley Online Library}
}

@inproceedings{Scheffler2020,
	title={Covariate-Adjusted Hybrid Principal Components Analysis},
	author={Scheffler, Aaron Wolfe and Dickinson, Abigail and DiStefano, Charlotte and Jeste, Shafali and {\c{S}}ent{\"u}rk, Damla},
	booktitle={International Conference on Information Processing and Management of Uncertainty in Knowledge-Based Systems},
	pages={391--404},
	year={2020},
	organization={Springer}
}

@article{Jasper1958,
	title={The ten-twenty electrode system of the International Federation},
	author={Jasper, Herbert H},
	journal={Electroencephalogr. Clin. Neurophysiol.},
	volume={10},
	pages={370--375},
	year={1958}
}

@article{Perrin1989,
	title={Spherical splines for scalp potential and current density mapping},
	author={Perrin, Fran{\c{c}}ois and Pernier, J and Bertrand, O and Echallier, JF},
	journal={Electroencephalography and clinical neurophysiology},
	volume={72},
	number={2},
	pages={184--187},
	year={1989},
	publisher={Elsevier}
}

@article{Quan1997,
	title={The sleep heart health study: design, rationale, and methods},
	author={Quan, Stuart F and Howard, Barbara V and Iber, Conrad and Kiley, James P and Nieto, F Javier and O'Connor, George T and Rapoport, David M and Redline, Susan and Robbins, John and Samet, Jonathan M and others},
	journal={Sleep},
	volume={20},
	number={12},
	pages={1077--1085},
	year={1997},
	publisher={Oxford University Press}
}

@article{Bonnet1987,
	title={Sleep restoration as a function of periodic awakening, movement, or electroencephalographic change},
	author={Bonnet, Michael H},
	journal={Sleep},
	volume={10},
	number={4},
	pages={364--373},
	year={1987},
	publisher={Oxford University Press}
}

@article{Akerstedt1997,
	title={Good sleep--its timing and physiological sleep characteristics.},
	author={Akerstedt, T and Hume, K and Minors, D and Waterhouse, J},
	journal={Journal of sleep research},
	volume={6},
	number={4},
	pages={221},
	year={1997}
}

@article{Dijk2009,
	title={Regulation and functional correlates of slow wave sleep},
	author={Dijk, Derk-Jan},
	journal={Journal of Clinical Sleep Medicine},
	volume={5},
	number={2 suppl},
	pages={S6--S15},
	year={2009},
	publisher={American Academy of Sleep Medicine}
}

@article{Walker2009,
	title={The role of slow wave sleep in memory processing},
	author={Walker, Matthew P},
	journal={Journal of Clinical Sleep Medicine},
	volume={5},
	number={2 suppl},
	pages={S20--S26},
	year={2009},
	publisher={American Academy of Sleep Medicine}
}

@article{Mander2017,
	title={Sleep and human aging},
	author={Mander, Bryce A and Winer, Joseph R and Walker, Matthew P},
	journal={Neuron},
	volume={94},
	number={1},
	pages={19--36},
	year={2017},
	publisher={Elsevier}
}

@article{Javaheri2018,
	title={Slow-wave sleep is associated with incident hypertension: the sleep heart health study},
	author={Javaheri, Sogol and Zhao, Ying Y and Punjabi, Naresh M and Quan, Stuart F and Gottlieb, Daniel J and Redline, Susan},
	journal={Sleep},
	volume={41},
	number={1},
	pages={zsx179},
	year={2018},
	publisher={Oxford University Press US}
}

@article{Crainiceanu2009,
	title={Nonparametric signal extraction and measurement error in the analysis of electroencephalographic activity during sleep},
	author={Crainiceanu, Ciprian M and Caffo, Brian S and Di, Chong-Zhi and Punjabi, Naresh M},
	journal={Journal of the American Statistical Association},
	volume={104},
	number={486},
	pages={541--555},
	year={2009},
	publisher={Taylor \& Francis}
}

@article{Buckelmuller2006,
	title={Trait-like individual differences in the human sleep electroencephalogram},
	author={Buckelm{\"u}ller, J and Landolt, H-P and Stassen, HH and Achermann, Peter},
	journal={Neuroscience},
	volume={138},
	number={1},
	pages={351--356},
	year={2006},
	publisher={Elsevier}
}

@article{Hjorth1970,
	title={EEG analysis based on time domain properties},
	author={Hjorth, Bo},
	journal={Electroencephalography and clinical neurophysiology},
	volume={29},
	number={3},
	pages={306--310},
	year={1970},
	publisher={Elsevier}
}

@Manual{Shaun2020,
    title = {luna: Analysis of Sleep Signal Data},
    author = {Shaun Purcell},
    year = {2020},
    note = {https://github.com/remnrem/luna, http://zzz.bwh.harvard.edu/luna},
  }

@article{Castro1986,
	title={Principal modes of variation for processes with continuous sample curves},
	author={Castro, Peter E and Lawton, W H\_ and Sylvestre, EA},
	journal={Technometrics},
	volume={28},
	number={4},
	pages={329--337},
	year={1986},
	publisher={Taylor \& Francis Group}
}

@Manual{fdapace,
    title = {fdapace: Functional Data Analysis and Empirical Dynamics},
    author = {Cody Carroll and Alvaro Gajardo and Yaqing Chen and Xiongtao Dai and Jianing Fan and Pantelis Z. Hadjipantelis and Kyunghee Han and Hao Ji and Hans-Georg Mueller and Jane-Ling Wang},
    year = {2020},
    note = {R package version 0.5.5},
    url = {https://CRAN.R-project.org/package=fdapace},
  }

@article{Van2000,
	title={Age-related changes in slow wave sleep and REM sleep and relationship with growth hormone and cortisol levels in healthy men},
	author={Van Cauter, Eve and Leproult, Rachel and Plat, Laurence},
	journal={Jama},
	volume={284},
	number={7},
	pages={861--868},
	year={2000},
	publisher={American Medical Association}
}

@article{Aguilera2013,
	title = "Penalized PCA approaches for B-spline expansions of smooth functional data",
	journal = "Applied Mathematics and Computation",
	volume = "219",
	number = "14",
	pages = "7805 - 7819",
	year = "2013",
	issn = "0096-3003",
	doi = "https://doi.org/10.1016/j.amc.2013.02.009",
	url = "http://www.sciencedirect.com/science/article/pii/S0096300313001252",
	author = "A.M. Aguilera and M.C. Aguilera-Morillo",
	keywords = "Functional data, Principal component analysis, B-spline expansion, Roughness penalty, P-splines",
	abstract = "Functional principal component analysis (FPCA) is a dimension reduction technique that explains the dependence structure of a functional data set in terms of uncorrelated variables. In many applications the data are a set of smooth functions observed with error. In these cases the principal components are difficult to interpret because the estimated weight functions have a lot of variability and lack of smoothness. The most common way to solve this problem is based on penalizing the roughness of a function by its integrated squared d-order derivative. Two alternative forms of penalized FPCA based on B-spline basis expansions of sample curves and a simpler discrete penalty that measures the roughness of a function by summing squared d-order differences between adjacent B-spline coefficients (P-spline penalty) are proposed in this paper. The main difference between both smoothed FPCA approaches is that the first uses the P-spline penalty in the least squares approximation of the sample curves in terms of a B-spline basis meanwhile the second introduces the P-spline penalty in the orthonormality constraint of the algorithm that computes the principal components. Leave-one-out cross-validation is adapted to select the smoothing parameter for these two smoothed FPCA approaches. A simulation study and an application with chemometric functional data are developed to test the performance of the proposed smoothed approaches and to compare the results with non penalized FPCA and regularized FPCA."
}

@article{Morris2015,
	title={Functional regression},
	author={Morris, Jeffrey S},
	journal={Annual Review of Statistics and Its Application},
	volume={2},
	pages={321--359},
	year={2015},
	publisher={Annual Reviews}
}

@article{Yao2005,
	title={Functional data analysis for sparse longitudinal data},
	author={Yao, Fang and M{\"u}ller, Hans-Georg and Wang, Jane-Ling},
	journal={Journal of the American statistical association},
	volume={100},
	number={470},
	pages={577--590},
	year={2005},
	publisher={Taylor \& Francis}
}

@article{Xiao2015,
	title={Quantifying the lifetime circadian rhythm of physical activity: a covariate-dependent functional approach},
	author={Xiao, Luo and Huang, Lei and Schrack, Jennifer A and Ferrucci, Luigi and Zipunnikov, Vadim and Crainiceanu, Ciprian M},
	journal={Biostatistics},
	volume={16},
	number={2},
	pages={352--367},
	year={2015},
	publisher={Oxford University Press}
}

@article{Xiao2013,
	title={Fast bivariate P-splines: the sandwich smoother},
	author={Xiao, Luo and Li, Yingxing and Ruppert, David},
	journal={Journal of the Royal Statistical Society: SERIES B: Statistical Methodology},
	pages={577--599},
	year={2013},
	publisher={JSTOR}
}

@article{Wang2016,
	title={Functional data analysis},
	author={Wang, Jane-Ling and Chiou, Jeng-Min and M{\"u}ller, Hans-Georg},
	journal={Annual Review of Statistics and Its Application},
	volume={3},
	pages={257--295},
	year={2016},
	publisher={Annual Reviews}
}

@article{Baladandayuthapani2008,
	title={Bayesian hierarchical spatially correlated functional data analysis with application to colon carcinogenesis},
	author={Baladandayuthapani, Veerabhadran and Mallick, Bani K and Young Hong, Mee and Lupton, Joanne R and Turner, Nancy D and Carroll, Raymond J},
	journal={Biometrics},
	volume={64},
	number={1},
	pages={64--73},
	year={2008},
	publisher={Wiley Online Library}
}

@article{Staicu2010,
	title={Fast methods for spatially correlated multilevel functional data},
	author={Staicu, Ana-Maria and Crainiceanu, Ciprian M and Carroll, Raymond J},
	journal={Biostatistics},
	volume={11},
	number={2},
	pages={177--194},
	year={2010},
	publisher={Oxford University Press}
}

@article{Greven2010,
	title={Longitudinal functional principal component analysis.},
	author={Greven, S and Crainiceanu, C and Caffo, B and Reich, D},
	journal={Electronic journal of statistics},
	volume={4},
	pages={1022--1054},
	year={2010},
	publisher={NIH Public Access}
}

@article{Scheffler2020,
	title={Hybrid principal components analysis for region-referenced longitudinal functional EEG data},
	author={Scheffler, Aaron and Telesca, Donatello and Li, Qian and Sugar, Catherine A and Distefano, Charlotte and Jeste, Shafali and {\c{S}}ent{\"u}rk, Damla},
	journal={Biostatistics},
	volume={21},
	number={1},
	pages={139--157},
	year={2020},
	publisher={Oxford University Press}
}

@article{Zipunnikov2011,
	title={Multilevel functional principal component analysis for high-dimensional data},
	author={Zipunnikov, Vadim and Caffo, Brian and Yousem, David M and Davatzikos, Christos and Schwartz, Brian S and Crainiceanu, Ciprian},
	journal={Journal of Computational and Graphical Statistics},
	volume={20},
	number={4},
	pages={852--873},
	year={2011},
	publisher={Taylor \& Francis}
}

@article{Park2015,
	title={Longitudinal functional data analysis},
	author={Park, So Young and Staicu, Ana-Maria},
	journal={Stat},
	volume={4},
	number={1},
	pages={212--226},
	year={2015},
	publisher={Wiley Online Library}
}

@article{Cuevas2006,
	title={On the use of the bootstrap for estimating functions with functional data},
	author={Cuevas, Antonio and Febrero, Manuel and Fraiman, Ricardo},
	journal={Computational statistics \& data analysis},
	volume={51},
	number={2},
	pages={1063--1074},
	year={2006},
	publisher={Elsevier}
}